@Comment{software URL}
@Misc{virtualbox,
author = {Oracle},
title = {Virtualbox},
note = "\url{https://www.virtualbox.org/}",
}

@Misc{vsphere,
author = {VMware},
title = {vSphre},
note = "\url{http://www.vmware.com/jp/products/vsphere}",
}

@Misc{xenserver,
author = {VMware},
title = {Citrix},
note = "\url{http://www.citrix.co.jp/products/xenserver/xenserver.html}",
}

@Misc{hyper-v,
author = {Microsoft},
title = {Hyper-V},
note = "\url{http://www.microsoft.com/ja-jp/server-cloud/windows-server/hyper-v.aspx}",
}

@Misc{xen,
author = {Xenproject},
title = {XEN},
note = "\url{http://xenproject.org/}",
}

@Misc{kvm,
author = {Linux},
title = {KVM},
note = "\url{http://www.linux-kvm.org/page/Main_Page}",
}

@Misc{azure,
author = {Microsoft},
title = {Azure},
note = "\url{http://azure.microsoft.com/ja-jp/}",
}

@Comment{Reports}
@TechReport{Sreekanth:2012:VV5,
  author = 	 {Sreekanth Setty},
  title = 	 {VMware vSPhere 5.1 vMotion Architecture, Performance, and Best Practices},
  institution =  {VMware Inc},
  year = 	 {2012},
  OPTkey = 	 {},
  OPTtype = 	 {},
  OPTnumber = 	 {},
  OPTaddress = 	 {},
  OPTmonth = 	 {},
  OPTnote = 	 {},
  OPTannote = 	 {}
}

@TechReport{Citrix:2011:SXL,
  author = 	 {Citrix Systems, Inc},
  title = 	 {Storage XenMotion: Live Storage Migration with Citrix XenServer},
  institution =  {Citrix},
  year = 	 {2011},
  OPTkey = 	 {},
  OPTtype = 	 {},
  OPTnumber = 	 {},
  OPTaddress = 	 {},
  OPTmonth = 	 {},
  OPTnote = 	 {},
  OPTannote = 	 {}
}

@inproceedings{Clark:2005:LMV,
 author = {Clark, Christopher and Fraser, Keir and Hand, Steven and Hansen, Jacob Gorm and Jul, Eric and Limpach, Christian and Pratt, Ian and Warfield, Andrew},
 title = {Live Migration of Virtual Machines},
 booktitle = {Proceedings of the 2Nd Conference on Symposium on Networked Systems Design \& Implementation - Volume 2},
 series = {NSDI'05},
 year = {2005},
 pages = {273--286},
 numpages = {14},
 url = {http://dl.acm.org/citation.cfm?id=1251203.1251223},
 acmid = {1251223},
 publisher = {USENIX Association},
 address = {Berkeley, CA, USA},
} 

@article{Waldspurger:2002:MRM,
 author = {Waldspurger, Carl A.},
 title = {Memory Resource Management in VMware ESX Server},
 journal = {SIGOPS Oper. Syst. Rev.},
 volume = {36},
 month = dec,
 year = {2002},
 issn = {0163-5980},
 pages = {181--194},
 numpages = {14},
 url = {http://doi.acm.org/10.1145/844128.844146},
 acmid = {844146},
 publisher = {ACM},
 address = {New York, NY, USA},
} 

@article{Bugnion:1997:DRC,
 author = {Bugnion, Edouard and Devine, Scott and Govil, Kinshuk and Rosenblum, Mendel},
 title = {Disco: Running Commodity Operating Systems on Scalable Multiprocessors},
 journal = {ACM Trans. Comput. Syst.},
 issue_date = {Nov. 1997},
 volume = {15},
 number = {4},
 month = nov,
 year = {1997},
 issn = {0734-2071},
 pages = {412--447},
 numpages = {36},
 url = {http://doi.acm.org/10.1145/265924.265930},
 doi = {10.1145/265924.265930},
 acmid = {265930},
 publisher = {ACM},
 address = {New York, NY, USA},
 keywords = {scalable multiprocessors, virtual machines},
} 

@inproceedings{Val:2003:AAC,
  author    = {Val Henson},
  title     = {An Analysis of Compare-by-hash},
  booktitle = {Proceedings of HotOS'03: 9th Workshop on Hot Topics in Operating Systems,
               May 18-21, 2003, Lihue (Kauai), Hawaii, {USA}},
  pages     = {13--18},
  year      = {2003},
  url       = {https://www.usenix.org/conference/hotos-ix/analysis-compare-hash},
  timestamp = {Mon, 19 May 2014 17:54:59 +0200},
  biburl    = {http://dblp.uni-trier.de/rec/bib/conf/hotos/Henson03},
  bibsource = {dblp computer science bibliography, http://dblp.org}
}

@inproceedings{Hines:2009:PBL,
 author = {Hines, Michael R. and Gopalan, Kartik},
 title = {Post-copy Based Live Virtual Machine Migration Using Adaptive Pre-paging and Dynamic Self-ballooning},
 booktitle = {Proceedings of the 2009 ACM SIGPLAN/SIGOPS International Conference on Virtual Execution Environments},
 series = {VEE '09},
 year = {2009},
 isbn = {978-1-60558-375-4},
 location = {Washington, DC, USA},
 pages = {51--60},
 numpages = {10},
 url = {http://doi.acm.org/10.1145/1508293.1508301},
 doi = {10.1145/1508293.1508301},
 acmid = {1508301},
 publisher = {ACM},
 address = {New York, NY, USA},
 keywords = {operating systems, post-copy, process migration, virtual machines, xen},
} 

@inproceedings{Koto:2012:TUV,
 author = {Koto, Akane and Yamada, Hiroshi and Ohmura, Kei and Kono, Kenji},
 title = {Towards Unobtrusive VM Live Migration for Cloud Computing Platforms},
 booktitle = {Proceedings of the Asia-Pacific Workshop on Systems},
 series = {APSYS '12},
 year = {2012},
 isbn = {978-1-4503-1669-9},
 location = {Seoul, Republic of Korea},
 pages = {7:1--7:6},
 articleno = {7},
 numpages = {6},
 url = {http://doi.acm.org/10.1145/2349896.2349903},
 doi = {10.1145/2349896.2349903},
 acmid = {2349903},
 publisher = {ACM},
 address = {New York, NY, USA},
} 


@Misc{Val:2005:GUC,
  author    = {Val Henson},
  title = {Guidelines for Using Compare-by-hash},
  year = {2005},
  OPTkey = 	 {},
  OPTauthor = 	 {},
  OPTtitle = 	 {},
  OPThowpublished = {},
  OPTmonth = 	 {},
  OPTyear = 	 {},
  OPTnote = 	 {},
  OPTannote = 	 {}
}

