@book{engler1995exokernel,
  title={Exokernel: An operating system architecture for application-level resource management},
  author={Engler, Dawson R and Kaashoek, M Frans and others},
  volume={29},
  number={5},
  year={1995},
  publisher={ACM}
}
