@book{engler1995exokernel,
  title={Exokernel: An operating system architecture for application-level resource management},
  author={Engler, Dawson R and Kaashoek, M Frans and others},
  volume={29},
  number={5},
  year={1995},
  publisher={ACM}
}

@inproceedings{kivity2014osv,
  title={OSv—optimizing the operating system for virtual machines},
  author={Kivity, Avi and Laor, Dor and Costa, Glauber and Enberg, Pekka and Har’El, Nadav and Marti, Don and Zolotarov, Vlad},
  booktitle={2014 usenix annual technical conference (usenix atc 14)},
  volume={1},
  pages={61--72},
  year={2014},
  organization={USENIX Association}
}

@inproceedings{madhavapeddy2013unikernels,
  title={Unikernels: Library operating systems for the cloud},
  author={Madhavapeddy, Anil and Mortier, Richard and Rotsos, Charalampos and Scott, David and Singh, Balraj and Gazagnaire, Thomas and Smith, Steven and Hand, Steven and Crowcroft, Jon},
  booktitle={ACM SIGPLAN Notices},
  volume={48},
  number={4},
  pages={461--472},
  year={2013},
  organization={ACM}
}

@inproceedings{belay2012dune,
  title={Dune: Safe User-level Access to Privileged CPU Features.},
  author={Belay, Adam and Bittau, Andrea and Mashtizadeh, Ali Jos{\'e} and Terei, David and Mazi{\`e}res, David and Kozyrakis, Christos},
  booktitle={OSDI},
  pages={335--348},
  year={2012}
}

@Misc{gcov,
author={GNU},
title={gcov},
note="\url{https://gcc.gnu.org/onlinedocs/gcc/Gcov.html}"
}

@Misc{clang,
title={clang},
note="\url{http://clang.llvm.org/}"
}

@Misc{openstack,
title={OpenStack},
note="\url{https://www.openstack.org/}"
}

@Misc{gcc,
title={GCC},
author={GNU},
note="\url{https://gcc.gnu.org/}"
}